%%% ====================================================================
%%%  BibTeX-file{
%%%     author          = "Gerry Murray",
%%%     version         = "1.2",
%%%     date            = "2 April 2012",
%%%     filename        = "acmsmall-sample-bibfile.bib",
%%%     address         = "ACM, NY",
%%%     email           = "murray at hq.acm.org",
%%%     codetable       = "ISO/ASCII",
%%%     keywords        = "ACM Reference Format, bibliography, citation, references",
%%%     supported       = "yes",
%%%     docstring       = "This BibTeX database file contains 'bibdata' entries
%%%                        that 'match' the examples provided in the Specifications Document
%%%                        AND, also, 'legacy'-type bibs. It should assist authors in 
%%%                        choosing the 'correct' at-bibtype and necessary bib-fields
%%%                        so as to obtain the appropriate ACM Reference Format output. 
%%%			   It also contains many 'Standard Abbreviations'. "
%%%  }
%%% ====================================================================

% Journals

% First the Full Name is given, then the abbreviation used in the AMS Math
% Reviews, with an indication if it could not be found there.
% Note the 2nd overwrites the 1st, so swap them if you want the full name.

%Entries
@inproceedings{wu2013self,
  title={A self-tuning system based on application Profiling and Performance Analysis for optimizing Hadoop MapReduce cluster configuration},
  author={Wu, Dili and Gokhale, Aniruddha},
  booktitle={High Performance Computing (HiPC), 2013 20th International Conference on},
  pages={89--98},
  year={2013},
  organization={IEEE}
}

@inproceedings{lama2012aroma,
  title={Aroma: Automated resource allocation and configuration of mapreduce environment in the cloud},
  author={Lama, Palden and Zhou, Xiaobo},
  booktitle={Proceedings of the 9th international conference on Autonomic computing},
  pages={63--72},
  year={2012},
  organization={ACM}
}

@inproceedings{vanaken,
 author = {Van Aken, Dana and Pavlo, Andrew and Gordon, Geoffrey J. and Zhang, Bohan},
 title = {Automatic Database Management System Tuning Through Large-scale Machine Learning},
 booktitle = {Proceedings of the 2017 ACM International Conference on Management of Data},
 series = {SIGMOD '17},
 year = {2017},
 isbn = {978-1-4503-4197-4},
 location = {Chicago, Illinois, USA},
 pages = {1009--1024},
 numpages = {16},
 url = {http://doi.acm.org/10.1145/3035918.3064029},
 doi = {10.1145/3035918.3064029},
 acmid = {3064029},
 publisher = {ACM},
 address = {New York, NY, USA},
 keywords = {autonomic computing, database management systems, database tuning, machine learning},
} 

@article{KumarPLPGB16,
  author    = {Sandeep Kumar and
               Sindhu Padakandla and
               Chandrashekar Lakshminarayanan and
               Priyank Parihar and
               K. Gopinath and
               Shalabh Bhatnagar},
  title     = {Performance Tuning of Hadoop MapReduce: {A} Noisy Gradient Approach},
  journal   = {CoRR},
  volume    = {abs/1611.10052},
  year      = {2016},
  url       = {http://arxiv.org/abs/1611.10052},
  timestamp = {Wed, 07 Jun 2017 14:42:14 +0200},
  biburl    = {http://dblp.uni-trier.de/rec/bib/journals/corr/KumarPLPGB16},
  bibsource = {dblp computer science bibliography, http://dblp.org}
}

@inproceedings{Chaudhuri,
 author = {Chaudhuri, Surajit and Narasayya, Vivek},
 title = {Self-tuning Database Systems: A Decade of Progress},
 booktitle = {Proceedings of the 33rd International Conference on Very Large Data Bases},
 series = {VLDB '07},
 year = {2007},
 isbn = {978-1-59593-649-3},
 location = {Vienna, Austria},
 pages = {3--14},
 numpages = {12},
 url = {http://dl.acm.org/citation.cfm?id=1325851.1325856},
 acmid = {1325856},
 publisher = {VLDB Endowment},
} 

@article{Duan,
 author = {Duan, Songyun and Thummala, Vamsidhar and Babu, Shivnath},
 title = {Tuning Database Configuration Parameters with iTuned},
 journal = {Proc. VLDB Endow.},
 issue_date = {August 2009},
 volume = {2},
 number = {1},
 month = aug,
 year = {2009},
 issn = {2150-8097},
 pages = {1246--1257},
 numpages = {12},
 url = {http://dx.doi.org/10.14778/1687627.1687767},
 doi = {10.14778/1687627.1687767},
 acmid = {1687767},
 publisher = {VLDB Endowment},
}

@inproceedings{Storm,
 author = {Storm, Adam J. and Garcia-Arellano, Christian and Lightstone, Sam S. and Diao, Yixin and Surendra, M.},
 title = {Adaptive Self-tuning Memory in DB2},
 booktitle = {Proceedings of the 32Nd International Conference on Very Large Data Bases},
 series = {VLDB '06},
 year = {2006},
 location = {Seoul, Korea},
 pages = {1081--1092},
 numpages = {12},
 url = {http://dl.acm.org/citation.cfm?id=1182635.1164220},
 acmid = {1164220},
 publisher = {VLDB Endowment},
}

@inproceedings{DebnathLM08,
  author    = {Biplob K. Debnath and
               David J. Lilja and
               Mohamed F. Mokbel},
  title     = {{SARD:} {A} statistical approach for ranking database tuning parameters},
  booktitle = {Proceedings of the 24th International Conference on Data Engineering
               Workshops, {ICDE} 2008, April 7-12, 2008, Canc{\'{u}}n, M{\'{e}}xico},
  pages     = {11--18},
  year      = {2008},
  url       = {https://doi.org/10.1109/ICDEW.2008.4498279},
  doi       = {10.1109/ICDEW.2008.4498279},
  timestamp = {Wed, 17 May 2017 10:55:21 +0200},
  biburl    = {http://dblp.uni-trier.de/rec/bib/conf/icde/DebnathLM08},
  bibsource = {dblp computer science bibliography, http://dblp.org}
}

@inproceedings{herodotou2011starfish,
  title={Starfish: A Self-tuning System for Big Data Analytics.},
  author={Herodotou, Herodotos and Lim, Harold and Luo, Gang and Borisov, Nedyalko and Dong, Liang and Cetin, Fatma Bilgen and Babu, Shivnath},
  booktitle={Cidr},
  number={2011},
  pages={261--272},
  year={2011}
}

@article{herodotou2011profiling,
  title={Profiling, what-if analysis, and cost-based optimization of mapreduce programs},
  author={Herodotou, Herodotos and Babu, Shivnath},
  journal={Proceedings of the VLDB Endowment},
  volume={4},
  number={11},
  pages={1111--1122},
  year={2011}
}

@inproceedings{HerodotouNoOne,
 author = {Herodotou, Herodotos and Dong, Fei and Babu, Shivnath},
 title = {No One (Cluster) Size Fits All: Automatic Cluster Sizing for Data-intensive Analytics},
 booktitle = {Proceedings of the 2Nd ACM Symposium on Cloud Computing},
 series = {SOCC '11},
 year = {2011},
 isbn = {978-1-4503-0976-9},
 location = {Cascais, Portugal},
 pages = {18:1--18:14},
 articleno = {18},
 numpages = {14},
 url = {http://doi.acm.org/10.1145/2038916.2038934},
 doi = {10.1145/2038916.2038934},
 acmid = {2038934},
 publisher = {ACM},
 address = {New York, NY, USA},
 keywords = {MapReduce, cloud computing, cluster provisioning},
}

@online{qubole, 
	title={Cloud Data Platform for Insights Driven Enterprises}, 
	url={http://www.qubole.com/}, 
	journal={Qubole},
	organization={Qubole Inc},
	author={Qubole Inc},
	year=2017
}

@article{thusoo2009hive,
  title={Hive: a warehousing solution over a map-reduce framework},
  author={Thusoo, Ashish and Sarma, Joydeep Sen and Jain, Namit and Shao, Zheng and Chakka, Prasad and Anthony, Suresh and Liu, Hao and Wyckoff, Pete and Murthy, Raghotham},
  journal={Proceedings of the VLDB Endowment},
  volume={2},
  number={2},
  pages={1626--1629},
  year={2009},
  publisher={VLDB Endowment}
}

@article{zaharia2016apache,
  title={Apache Spark: A unified engine for big data processing},
  author={Zaharia, Matei and Xin, Reynold S and Wendell, Patrick and Das, Tathagata and Armbrust, Michael and Dave, Ankur and Meng, Xiangrui and Rosen, Josh and Venkataraman, Shivaram and Franklin, Michael J and others},
  journal={Communications of the ACM},
  volume={59},
  number={11},
  pages={56--65},
  year={2016},
  publisher={ACM}
}

@online{presto, 
	title={Distributed SQL Query Engine for Big Data}, 
	url={https://prestodb.io/}, 
	organization={Facebook Inc},
	author={Facebook Inc},
	year=2017
}

@inproceedings{LiMinZeng,
 author = {Li, Min and Zeng, Liangzhao and Meng, Shicong and Tan, Jian and Zhang, Li and Butt, Ali R. and Fuller, Nicholas},
 title = {MRONLINE: MapReduce Online Performance Tuning},
 booktitle = {Proceedings of the 23rd International Symposium on High-performance Parallel and Distributed Computing},
 series = {HPDC '14},
 year = {2014},
 isbn = {978-1-4503-2749-7},
 location = {Vancouver, BC, Canada},
 pages = {165--176},
 url = {http://doi.acm.org/10.1145/2600212.2600229},
 doi = {10.1145/2600212.2600229},
 acmid = {2600229},
 publisher = {ACM},
 address = {New York, NY, USA},
 keywords = {cloud computing, dynamic parameter configuration, hill climbing, mapreduce, online parameter tuning, performance tuning, yarn},
} 

@inproceedings{nambiar2014benchmarking,
  title={Benchmarking big data systems: introducing TPC express benchmark HS},
  author={Nambiar, Raghunath},
  booktitle={Workshop on Big Data Benchmarks},
  pages={24--28},
  year={2014},
  organization={Springer}
}

@inproceedings{poess2002tpc,
  title={Tpc-ds, taking decision support benchmarking to the next level},
  author={Poess, Meikel and Smith, Bryan and Kollar, Lubor and Larson, Paul},
  booktitle={Proceedings of the 2002 ACM SIGMOD international conference on Management of data},
  pages={582--587},
  year={2002},
  organization={ACM}
}

@online{fullpaper, 
	title={Full Document of Automatic Tuning of SQL-on-Hadoop engines on Cloud Platforms}, 
	url={https://github.com/qubole/tuning-paper/blob/master/pdfs/fullpaper.pdf}, 
	organization={Qubole Inc},
	author={Prasad M. Deshpande, Amogh Margoor, Rajat Venkatesh},
	year=2017
}
